@book{Brathwaite2009,
	author = {Brathwaite, Brenda and Schreiber, Ian},
	isbn = {9781584505808},
	keywords = {board game,game design,game studies,video game},
	pages = {315},
	pmid = {15302558},
	publisher = {Course Technology},
	title = {{Challenges for game designers}},
	year = {2009}
}

@book{Koster2013,
	title={Theory of fun for game design},
	author={Koster, Raph},
	year={2013},
	publisher={``O'Reilly Media, Inc.''}
}

@book{Koza1996,
	author = {Koza, John R and Bennett, Forrest H and Andre, David and Keane, Martin A},
	booktitle = {Artificial Intelligence in Design '96},
	doi = {10.1007/978-94-009-0279-4_9},
	editor = {Gero, John S and Sudweeks, Fay},
	isbn = {978-94-009-0279-4},
	pages = {151--170},
	publisher = {Springer Netherlands},
	title = {Automated Design of Both the Topology and Sizing of Analog Electrical Circuits Using Genetic Programming},
	url = {https://doi.org/10.1007/978-94-009-0279-4{\_}9},
	year = {1996}
}

@article{Christyowidiasmoro2016,
	author = {Christyowidiasmoro and Putra, Ramadhany Candra Arif and Susiki, Supeno Mardi},
	doi = {10.1109/ELECSYM.2015.7380844},
	isbn = {9781467393454},
	journal = {Proceedings - 2015 International Electronics Symposium: Emerging Technology in Electronic and Information, IES 2015},
	title = {{Measuring level of difficulty in game using challenging rate (CR) on 2D Real time Strategy Line Defense game}},
	year = {2016}
}

@article{Marin-Lora2020,
	author = {Mar{\'{i}}n-Lora, Carlos and Chover, Miguel and Sotoca, Jos{\'{e}} M. and Garc{\'{i}}a, Luis A.},
	doi = {10.1016/j.advengsoft.2019.102732},
	issn = {18735339},
	journal = {Advances in Engineering Software},
	keywords = {Game development,Game engine,Multi-agent system},
	mendeley-groups = {Game - Papers},
	number = {April 2019},
	pages = {102732},
	publisher = {Elsevier},
	title = {{A game engine to make games as multi-agent systems}},
	url = {https://doi.org/10.1016/j.advengsoft.2019.102732},
	volume = {140},
	year = {2020}
}


@article{Wu2018,
	author = {Wu, Zong Han and Lai, Kevin and Lin, Li An and Huang, Ming Han and Tai, Wen Kai},
	doi = {10.1109/GEM.2018.8516274},
	isbn = {9781538663042},
	journal = {2018 IEEE Games, Entertainment, Media Conference, GEM 2018},
	mendeley-groups = {Game - Papers},
	pages = {71--78},
	publisher = {IEEE},
	title = {{Procedurally Generating Game Level with Specified Difficulty}},
	year = {2018}
}

@article{Bangay2014,
	author = {Bangay, Shaun and Makin, Owen},
	doi = {10.1109/CIG.2014.6932885},
	isbn = {9781479935468},
	issn = {23254289},
	journal = {IEEE Conference on Computatonal Intelligence and Games, CIG},
	keywords = {RTS games,attribute space,balance,formal models},
	pages = {1--8},
	publisher = {IEEE},
	title = {{Generating an attribute space for analyzing balance in single unit RTS game combat}},
	year = {2014}
}

@article{Friedman1997,
	author = {Friedman, H. Jerome},
	isbn = {9781424459674},
	issn = {9781424459674},
	journal = {Department of Statistics and Standford Linear Accelerator Center, Standford University},
	title = {{Data mining and statistics: What's the connection?}},
	year = {1997}
}

@article{Cover1967,
	author = {Cover, T. M. and Hart, P. E.},
	doi = {10.1109/TIT.1967.1053964},
	issn = {15579654},
	journal = {IEEE Transactions on Information Theory},
	title = {{Nearest Neighbor Pattern Classification}},
	year = {1967}
}


@article{Panumate2015,
	author = {Panumate, Chetprayoon and Xiong, Shuo and Iida, Hiroyuki},
	doi = {10.1109/ACIT-CSI.2015.19},
	isbn = {9781467396424},
	journal = {Proceedings - 3rd International Conference on Applied Computing and Information Technology and 2nd International Conference on Computational Science and Intelligence, ACIT-CSI 2015},
	keywords = {Engagement,Game refinement theory,Pokemon},
	pages = {60--66},
	title = {{An approach to quantifying Pokemon's entertainment impact with focus on battle}},
	year = {2015}
}

@book{Suton1998,
	author = {R. S. Sutton and A. G. Barto},
	title = {Reinforcement Learning: An Introduction.},
	year = {1998},
	publisher = {The MIT Press}
}

@article{Estevez2011,
	author = {Estevez, Jose and Toledo, Pedro and Alayon, Silvia},
	doi = {10.1109/CEC.2011.5949680},
	isbn = {9781424478347},
	journal = {2011 IEEE Congress of Evolutionary Computation, CEC 2011},
	pages = {647--654},
	title = {{Using an induced relational decision tree for rule injection in a learning classifier system}},
	year = {2011}
}

@book{russell2003,
	title={Artificial intelligence: a modern approach (2nd ed.)},
	author={Russell, Stuart J and Norvig, Peter},
	year={2003},
	publisher={Upper Saddle River, New Jersey: Prentice Hall}
}

@article{poole1998,
	title={Computational intelligence: a logical approach},
	author={Poole, David and Mackworth, Alan and Goebel, Randy},
	year={1998}
}

@article{kaplan2019,
	title={Siri, Siri, in my hand: Who’s the fairest in the land? On the interpretations, illustrations, and implications of artificial intelligence},
	author={Kaplan, Andreas and Haenlein, Michael},
	journal={Business Horizons},
	volume={62},
	number={1},
	pages={15--25},
	year={2019},
	publisher={Elsevier}
}


@misc{kuperman2006,
	title={Using commercial knowledge bases for clinical decision support: opportunities, hurdles, and recommendations},
	author={Kuperman, Gilad J and Reichley, Richard M and Bailey, Thomas C},
	year={2006},
	publisher={BMJ Group BMA House, Tavistock Square, London, WC1H 9JR}
}


@mastersthesis{stenstrom2012,
	title={Gameplay Design for Role-Playing Battle Systems},
	author={Stenstr{\"o}m, Christopher Dristig},
	year={2012},
	school={Department of Computer Science and Engineering, Chalmers University of Technology},
	address={SE - 412 96, G{\''o}teborg, Sweden}
}

@book{barton2019,
	title={Dungeons and Desktops: The History of Computer Role-Playing Games 2e},
	author={Barton, Matt and Stacks, Shane},
	year={2019},
	publisher={CRC Press}
}

@book{moore2016,
	title={Basics of game design},
	author={Moore, Michael},
	year={2016},
	publisher={CRC Press}
}

@Misc{dota2020,
	Author={Fandom},
	Title={\emph{Table of Hero Attribute}},
	Note={\url{https://dota2.gamepedia.com/Table_of_hero_attributes}\ [Terakhir diakses pada tanggal 12 Juni 2020]},
	year={2020},
}

@Misc{yeenick2020,
	Author={Nick, Yee},
	Title={\emph{``The Daedalus Project'' the psychology of MMORPGs}},
	Note={\url{http://www.nickyee.com/daedalus}\ [Terakhir diakses pada tanggal 12 Juni 2020]},
	year={1999-2009},
}

@book{buduma2017,
	title={Fundamentals of deep learning: Designing next-generation machine intelligence algorithms},
	author={Buduma, Nikhil and Locascio, Nicholas},
	year={2017},
	publisher={``O'Reilly Media, Inc.''}
}

@book{heinsoo2008,
	title={Dungeons \& Dragons player's handbook: Arcane, Divine, and Martial Heroes},
	author={Heinsoo, Rob and Collins, Andy and Wyatt, James},
	year={2008},
	publisher={Wizards of the Coast}
}

@INPROCEEDINGS{camelo2014,  
	author={J. H. {Camelo} and R. L. {Rabêlo} and E. {Passos}},  
	booktitle={2014 Brazilian Symposium on Computer Games and Digital Entertainment},   
	title={Automatic Mapping between Gameplay and Aesthetics RPG Character Attributes through Fuzzy System},   
	year={2014},  
	volume={},  
	number={},  
	pages={220-229}
}