@article{Panumate2015,
author = {Panumate, Chetprayoon and Xiong, Shuo and Iida, Hiroyuki},
doi = {10.1109/ACIT-CSI.2015.19},
isbn = {9781467396424},
journal = {Proceedings - 3rd International Conference on Applied Computing and Information Technology and 2nd International Conference on Computational Science and Intelligence, ACIT-CSI 2015},
keywords = {Engagement,Game refinement theory,Pokemon},
pages = {60--66},
title = {{An approach to quantifying Pokemon's entertainment impact with focus on battle}},
year = {2015}
}
